@inproceedings{zhuang2015supervised,
  title={Supervised representation learning: transfer learning with deep autoencoders},
  author={Zhuang, Fuzhen and Cheng, Xiaohu and Luo, Ping and Pan, Sinno Jialin and He, Qing},
  booktitle={Proceedings of the 24th International Conference on Artificial Intelligence},
  pages={4119--4125},
  year={2015},
  organization={AAAI Press}
}

@inproceedings{pan2008transfer,
  title={Transfer Learning via Dimensionality Reduction.},
  author={Pan, Sinno Jialin and Kwok, James T and Yang, Qiang},
  booktitle={AAAI},
  volume={8},
  pages={677--682},
  year={2008}
}

@inproceedings{sutskever2014sequence,
  title={Sequence to sequence learning with neural networks},
  author={Sutskever, Ilya and Vinyals, Oriol and Le, Quoc V},
  booktitle={Advances in neural information processing systems},
  pages={3104--3112},
  year={2014}
}

@inproceedings{vinyals2015grammar,
  title={Grammar as a foreign language},
  author={Vinyals, Oriol and Kaiser, {\L}ukasz and Koo, Terry and Petrov, Slav and Sutskever, Ilya and Hinton, Geoffrey},
  booktitle={Advances in Neural Information Processing Systems},
  pages={2755--2763},
  year={2015}
}

@inproceedings{karpathy2014deep,
  title={Deep fragment embeddings for bidirectional image sentence mapping},
  author={Karpathy, Andrej and Joulin, Armand and Li, Fei Fei F},
  booktitle={Advances in neural information processing systems},
  pages={1889--1897},
  year={2014}
}

@article{duchi2011adaptive,
  title={Adaptive subgradient methods for online learning and stochastic optimization},
  author={Duchi, John and Hazan, Elad and Singer, Yoram},
  journal={The Journal of Machine Learning Research},
  volume={12},
  pages={2121--2159},
  year={2011},
  publisher={JMLR. org}
}